@misc{twibot22,
  doi       = {10.48550/ARXIV.2206.04564},
  url       = {https://arxiv.org/abs/2206.04564},
  author    = {Feng, Shangbin and Tan, Zhaoxuan and Wan, Herun and Wang, Ningnan and Chen, Zilong and Zhang, Binchi and Zheng, Qinghua and Zhang, Wenqian and Lei, Zhenyu and Yang, Shujie and Feng, Xinshun and Zhang, Qingyue and Wang, Hongrui and Liu, Yuhan and Bai, Yuyang and Wang, Heng and Cai, Zijian and Wang, Yanbo and Zheng, Lijing and Ma, Zihan and Li, Jundong and Luo, Minnan},
  keywords  = {Social and Information Networks (cs.SI), Artificial Intelligence (cs.AI), FOS: Computer and information sciences, FOS: Computer and information sciences},
  title     = {TwiBot-22: Towards Graph-Based Twitter Bot Detection},
  publisher = {arXiv},
  year      = {2022},
  copyright = {arXiv.org perpetual, non-exclusive license}
}

@software{polars2025,
  author  = {Ritchie Vink and others},
  title   = {Polars: Fast DataFrames in Rust and Python},
  year    = {2020},
  url     = {https://www.pola.rs/}
}

@software{pandas2020,
  author    = {The pandas development team},
  title     = {pandas-dev/pandas: Pandas},
  month     = feb,
  year      = 2020,
  publisher = {Zenodo},
  version   = {latest},
  doi       = {10.5281/zenodo.3509134},
  url       = {https://doi.org/10.5281/zenodo.3509134}
}

@techreport{hagberg2008,
  title       = {Exploring network structure, dynamics, and function using NetworkX},
  author      = {Hagberg, Aric and Swart, Pieter and S Chult, Daniel},
  year        = {2008},
  institution = {Los Alamos National Lab.(LANL), Los Alamos, NM (United States)}
}

@article{staudt2016,
  author  = {L. Staudt, Christian and Sazonovs, Aleksejs and Meyerhenke, Henning},
  doi     = {10.1017/nws.2016.20},
  journal = {Network Science},
  month   = dec,
  number  = {4},
  title   = {{NetworKit: A Tool Suite for Large-scale Complex Network Analysis}},
  volume  = {4},
  year    = {2016}
}

@article{seaborn2021,
  doi       = {10.21105/joss.03021},
  url       = {https://doi.org/10.21105/joss.03021},
  year      = {2021},
  publisher = {The Open Journal},
  volume    = {6},
  number    = {60},
  pages     = {3021},
  author    = {Michael L. Waskom},
  title     = {seaborn: statistical data visualization},
  journal   = {Journal of Open Source Software}
}

@article{scipy2020,
  title   = {{{SciPy} 1.0: Fundamental Algorithms for Scientific Computing in Python}},
  author  = {Virtanen, Pauli and Gommers, Ralf and Oliphant, Travis E. and Haberland, Matt and Reddy, Tyler and Cournapeau, David and Burovski, Evgeni and Peterson, Pearu and Weckesser, Warren and Bright, Jonathan and {van der Walt}, St{\'e}fan J. and Brett, Matthew and Wilson, Joshua and Millman, K. Jarrod and Mayorov, Nikolay and Nelson, Andrew R. J. and Jones, Eric and Kern, Robert and Larson, Eric and Carey, C J and Polat, {\.I}lhan and Feng, Yu and Moore, Eric W. and {VanderPlas}, Jake and Laxalde, Denis and Perktold, Josef and Cimrman, Robert and Henriksen, Ian and Quintero, E. A. and Harris, Charles R. and Archibald, Anne M. and Ribeiro, Ant{\^o}nio H. and Pedregosa, Fabian and {van Mulbregt}, Paul and {SciPy 1.0 Contributors}},
  journal = {Nature Methods},
  year    = {2020},
  volume  = {17},
  pages   = {261--272},
  adsurl  = {https://rdcu.be/b08Wh},
  doi     = {10.1038/s41592-019-0686-2}
}

@article{scikit-learn2011,
  title   = {Scikit-learn: Machine Learning in {P}ython},
  author  = {Pedregosa, F. and Varoquaux, G. and Gramfort, A. and Michel, V.and Thirion, B. and Grisel, O. and Blondel, M. and Prettenhofer, P.and Weiss, R. and Dubourg, V. and Vanderplas, J. and Passos, A. andCournapeau, D. and Brucher, M. and Perrot, M. and Duchesnay, E.},
  journal = {Journal of Machine Learning Research},
  volume  = {12},
  pages   = {2825--2830},
  year    = {2011}
}

@inproceedings{wang2010,
  author    = {Wang, Alex Hai},
  booktitle = {2010 International Conference on Security and Cryptography (SECRYPT)}, 
  title     = {Don't follow me: Spam detection in Twitter}, 
  year      = {2010},
  pages     = {1-10},
  keywords  = {Twitter;Feature extraction;Unsolicited electronic mail;Bayesian methods;Crawlers;Social network security;Spam detection;Machine learning;Classification}
}