@misc{twibot22,
  doi = {10.48550/ARXIV.2206.04564},
  url = {https://arxiv.org/abs/2206.04564},
  author = {Feng, Shangbin and Tan, Zhaoxuan and Wan, Herun and Wang, Ningnan and Chen, Zilong and Zhang, Binchi and Zheng, Qinghua and Zhang, Wenqian and Lei, Zhenyu and Yang, Shujie and Feng, Xinshun and Zhang, Qingyue and Wang, Hongrui and Liu, Yuhan and Bai, Yuyang and Wang, Heng and Cai, Zijian and Wang, Yanbo and Zheng, Lijing and Ma, Zihan and Li, Jundong and Luo, Minnan},
  keywords = {Social and Information Networks (cs.SI), Artificial Intelligence (cs.AI), FOS: Computer and information sciences, FOS: Computer and information sciences},
  title = {TwiBot-22: Towards Graph-Based Twitter Bot Detection},
  publisher = {arXiv},
  year = {2022},
  copyright = {arXiv.org perpetual, non-exclusive license}
}

@incollection{Beskow2020FriendBot,
  author    = {David M. Beskow and Kathleen M. Carley},
  title     = {You Are Known by Your Friends: Leveraging Network Metrics for Bot Detection in Twitter},
  booktitle = {Open Source Intelligence and Cyber Crime},
  pages     = {53--88},
  publisher = {Springer},
  year      = {2020},
  editor    = {Babak Akhgar and Hamid R. Arabnia and Petra Saskia Bayerl},
  doi       = {10.1007/978-3-030-41251-7_3},
  isbn      = {978-3-030-41250-0},
  url       = {https://link.springer.com/chapter/10.1007/978-3-030-41251-7_3}
}